%% use double braces {{ }} to preseve capitalization of titles
%% don't forget the comma at the end of lines in an entry

@book{cudabook,
    author = {Jason Sanders and Edward Kandrot},
    title = {{CUDA By Example: An Introduction to General-Purpose GPU Programming}},
    year = {2011},
    edition = {First},
    publisher = {Addison-Wesley}
}

@misc{qt5:web,
  author={{Qt Project}},
  title = {{Qt5}},
  howpublished={http://http://qt-project.org/}
}

@article{viscoelastic,
  author ={{Simon Clavet, Philippe Beaudoin, and Pierre Poulin}},
  title = {{Particle-based Viscoelastic Fluid Simulation}},
  howpublished = {http://www.ligum.umontreal.ca/Clavet-2005-PVFS/pvfs.pdf},
  year = {2005}
}

@article{fluidSim,
  author = {{Balint Miklos}},
  title = {Real-Time Fluid Simulation Using Height Fields},
  howpublished = {http://www.balintmiklos.com/layered_water.pdf},
  year = {2004}
}

@misc{liquidfun,
  author = {{Google}},
  title = {LiquidFun},
  howpublished = {{http://google.github.io/liquidfun}}
}

@misc{octree,
  author = {{Ioan A Sucan}},
  title = {Flexible-collision-library},
  howpublished = {https://github.com/flexible-collision-library}
}

@misc{octree2,
  author = {{Mykola Konyk}},
  title = {Spatial-collision-datastructures},
  howpublished = {https://github.com/ttvd/spatial-collision-datastructures}
}

@misc{OpenGl,
  author = {{OpenGl}},
  title = {{Collision Detection}},
  howpublished = {http://www.videotutorialsrock.com/opengl_tutorial/collision_detection/home.php}
}

@misc{professor,
  author = "Andrew Danner",
  howpublished = "Provided Starter Code and Helped During Office Hours"
}
